@misc{Hansen2019,
  title = {BMW and Audi Want to Separate Vehicle Hardware from Software},
  howpublished = {\url{https://www.electronicdesign.com/automotive/bmw-and-audi-want-separate-vehicle-hardware-software}},
  note = {Accessed: 01-05-2019}
}

@misc{Future2019,
  title = {End to End Architecture},
  howpublished = {\url{https://www.future-mobility-tech.com/en/technology/end-to-end-architecture}},
  note = {Accessed: 01-05-2019}
}

@inproceedings{Kanajan2006,
 author = {Kanajan, Sri and Zeng, Haibo and Pinello, Claudio and Sangiovanni-Vincentelli, Alberto},
 title = {Exploring Trade-off's Between Centralized Versus Decentralized Automotive Architectures Using a Virtual Integration Environment},
 booktitle = {Proceedings of the Conference on Design, Automation and Test in Europe: Proceedings},
 series = {DATE '06},
 year = {2006},
 isbn = {3-9810801-0-6},
 location = {Munich, Germany},
 pages = {548--553},
 numpages = {6},
 url = {http://dl.acm.org/citation.cfm?id=1131481.1131632},
 acmid = {1131632},
 publisher = {European Design and Automation Association},
 address = {3001 Leuven, Belgium, Belgium},
} 

@article{Henzinger2008,
author = {A Henzinger, Thomas},
year = {2008},
month = {11},
pages = {3727-36},
title = {Two challenges in embedded systems design: Predictability and robustness},
volume = {366},
journal = {Philosophical transactions. Series A, Mathematical, physical, and engineering sciences},
doi = {10.1098/rsta.2008.0141}
}

@article{Cullmann2010,
author = {Cullmann, Christoph and Ferdinand, Christian and Gebhard, Gernot and Grund, Daniel and Maiza, Claire and Reineke, Jan and Triquet, Benoît and Wegener, Simon and Wilhelm, Reinhard},
year = {2010},
month = {09},
pages = {36-42},
title = {Predictability Considerations in the Design of Multi-Core Embedded Systems},
volume = {807},
journal = {Ingénieurs de l'Automobile}
}

@misc{Water2019Url,
  title = {WATERS 2019 – Industrial challenge},
  howpublished = {\url{https://www.ecrts.org/waters/waters-industrial-challenge/}},
  note = {Accessed: 08-05-2019}
}

@Book{EntwurfsmusterGamma,
  Author         = "Erich Gamma and John Vlissides",
  Title          = {{E}lemente wiederverwendbarer objektorientierter {S}oftware},
  Publisher      = {Addison-Wesley},
  ADDRESS      	 = "München",
  year           = 2004
}

@Book{DesignPatternsHerold,
  Author         = "Helmut Herold and Michael Klar and Susanne Klar",
  Title          = {C++, UML und Design Patterns},
  Publisher      = {Prentice Hall},
  ADDRESS      	 = "München",
  year           = 2005
}

@misc{Denver2019url,
  title = {Nvidia details 64-bit Denver Tegra K1, claims Haswell-class performance for first 64-bit Android chip},
  author = "Sebastian Anthony",
  howpublished = {\url{https://www.extremetech.com/computing/187862-nvidia-details-64-bit-denver-tegra-k1-claims-haswell-class-performance-for-first-64-bit-android-chip}},
  note = {Accessed: 08-05-2019}
}

@misc{Denver2014url,
  title = {Nvidia's First CPU Is a Winner. Denver Uses Dynamic Translation to Outperform Mobile Rivals},
  author = "Linley Gwennap", 
  howpublished = {\url{http://www.linleygroup.com/mpr/article.php?id=11262}},
  note = {Accessed: 08-05-2019}
}

@misc{TX2Intro2017,
  title = {NVIDIA Jetson TX2 Delivers Twice the Intelligence to the Edge},
  author = "Dustin Franklin", 
  howpublished = {\url{https://devblogs.nvidia.com/jetson-tx2-delivers-twice-intelligence-edge/}},
  note = {Accessed: 20-05-2019}
}

@manual{TX2Datasheet2014,
    organization  = "NVIDIA Corporation",
    title         = "NVIDIA Jetson TX2 System-on-Module",
    year          =  2014,
    note          = "Rev. 1.1"
}

@misc{Amalthea2019,
  title = {Project Profile: Eclipse APP4MC},
  author = "Eclipse APP4MC", 
  howpublished = {\url{http://www.amalthea-project.org/}},
  note = {Accessed: 20-05-2019}
}


@misc{CUDAZONE2019,
  title = {Homepage - CUDA Zone},
  author = "NVIDIA", 
  howpublished = {\url{https://developer.nvidia.com/cuda-zone}},
  note = {Accessed: 04-06-2019}
}

@manual{CCUDA2010,
    organization  = "NVIDIA Corporation",
    title         = "NVIDIA CUDA C: Programming Guide",
    year          = "2010",
    note          = "Version 3.2"
}

@manual{CCUDA2019,
    organization  = "NVIDIA Corporation",
    title         = "NVIDIA CUDA C: Programming Guide",
    year          = "2019",
    note          = "Version 10.1"
}




@book{Cousteau1963,
abstract = {In The Living Sea Jacques Yves Cousteau describes the rich and exciting progress made in exploring life under water by the numerous scientific expeditions which he has been directing since, in his earlier book, The Silent World, he wrote this classic account of man's first experience on the continent below the sea.},
address = {London},
author = {{Cousteau Jacques} and {Dugan James}},
pages = {1--212},
publisher = {Hamish Hamilton},
title = {{The Living Sea: by Jacques-Yves Cousteau}},
type = {Book},
year = {1963}
}
